# Relevant Violence-Analysis on Reddit papers

@inproceedings{schrading2015analysis,
  title={An analysis of domestic abuse discourse on reddit},
  author={Schrading, Nicolas and Alm, Cecilia Ovesdotter and Ptucha, Raymond and Homan, Christopher},
  booktitle={Proceedings of the 2015 conference on empirical methods in natural language processing},
  pages={2577--2583},
  year={2015}
}

@article{o2018today,
  title={‘Today I speak’: Exploring how victim-survivors use Reddit},
  author={O'Neill, Tully},
  journal={International journal for crime, justice and social democracy},
  volume={7},
  number={1},
  pages={44--59},
  year={2018},
  publisher={Queensland University of Technology. Crime and Justice Research Centre~…}
}


# Computer Mediated Communication Theory

@book{walther2011theories,
  title={Theories of Computer-Mediated Communication and Interpersonal Relations},
  author={Walther, Joseph},
  year={2011},
  publisher={The SAGE Handbook of Interpersonal Communication/SAGE Publications, Inc}
}

# Online support

@article{goffman1963embarrassment,
  title={Embarrassment and social organization.},
  author={Goffman, Erving},
  year={1963},
  publisher={John Wiley \& Sons, Inc.}
}

@article{pendry2015individual,
  title={Individual and social benefits of online discussion forums},
  author={Pendry, Louise F and Salvatore, Jessica},
  journal={Computers in Human Behavior},
  volume={50},
  pages={211--220},
  year={2015},
  publisher={Elsevier}
}

# Social Support Theory

@article{wethington1986perceived,
  title={Perceived support, received support, and adjustment to stressful life events},
  author={Wethington, Elaine and Kessler, Ronald C},
  journal={Journal of Health and Social behavior},
  pages={78--89},
  year={1986},
  publisher={JSTOR}
}

@article{dunkel1990determinants,
  title={Determinants of social support provision in personal relationships},
  author={Dunkel-Schetter, Christine and Skokan, Laurie A},
  journal={Journal of Social and Personal Relationships},
  volume={7},
  number={4},
  pages={437--450},
  year={1990},
  publisher={Sage Publications Sage CA: Thousand Oaks, CA}
}

@inproceedings{house1987social,
  title={Social support and social structure},
  author={House, James S},
  booktitle={Sociological forum},
  volume={2},
  number={1},
  pages={135--146},
  year={1987},
  organization={Springer}
}

@book{vaux1988social,
  title={Social support: Theory, research, and intervention.},
  author={Vaux, Alan},
  year={1988},
  publisher={Praeger publishers}
}

@article{cohen1985stress,
  title={Stress, social support, and the buffering hypothesis.},
  author={Cohen, Sheldon and Wills, Thomas A},
  journal={Psychological bulletin},
  volume={98},
  number={2},
  pages={310},
  year={1985},
  publisher={American Psychological Association}
}

# Reading on Narrative Stories - 


@book{tannen1994gender,
  title={Gender and discourse},
  author={Tannen, Deborah},
  year={1994},
  publisher={Oxford University Press}
}

@article{neimeyer2001coping,
  title={Coping and coherence: A narrative perspective on resilience},
  author={Neimeyer, Robert A and Levitt, Heidi and Snyder, C},
  journal={Coping with stress: Effective people and processes},
  pages={47--67},
  year={2001}
}

# Citations for Violence-related Reddit stories

@article{proferes2021studying,
  title={Studying reddit: A systematic overview of disciplines, approaches, methods, and ethics},
  author={Proferes, Nicholas and Jones, Naiyan and Gilbert, Sarah and Fiesler, Casey and Zimmer, Michael},
  journal={Social Media+ Society},
  volume={7},
  number={2},
  pages={20563051211019004},
  year={2021},
  publisher={SAGE Publications Sage UK: London, England}
}

# Citations for Political-Slant

@article{hopp2021extended,
  title={The extended Moral Foundations Dictionary (eMFD): Development and applications of a crowd-sourced approach to extracting moral intuitions from text},
  author={Hopp, Frederic R and Fisher, Jacob T and Cornell, Devin and Huskey, Richard and Weber, Ren{\'e}},
  journal={Behavior research methods},
  volume={53},
  pages={232--246},
  year={2021},
  publisher={Springer}
}
@article{mcknight2010mann,
  title={Mann-Whitney U Test},
  author={McKnight, Patrick E and Najab, Julius},
  journal={The Corsini encyclopedia of psychology},
  pages={1--1},
  year={2010},
  publisher={Wiley Online Library}
}

@article{rosenthal1994parametric,
  title={Parametric measures of effect size},
  author={Rosenthal, Robert and Cooper, Harris and Hedges, Larry and others},
  journal={The handbook of research synthesis},
  volume={621},
  number={2},
  pages={231--244},
  year={1994},
  publisher={New York}
}

@book{cohen2013statistical,
  title={Statistical power analysis for the behavioral sciences},
  author={Cohen, Jacob},
  year={2013},
  publisher={routledge}
}

# General NLP 

@book{bird2009natural,
  title={Natural language processing with Python: analyzing text with the natural language toolkit},
  author={Bird, Steven and Klein, Ewan and Loper, Edward},
  year={2009},
  publisher={" O'Reilly Media, Inc."}
}


@inproceedings{hutto2014vader,
  title={Vader: A parsimonious rule-based model for sentiment analysis of social media text},
  author={Hutto, Clayton and Gilbert, Eric},
  booktitle={Proceedings of the international AAAI conference on web and social media},
  volume={8},
  number={1},
  pages={216--225},
  year={2014}
}


# Vaibhav's research

@article{garg2024unveiling,
  title={Unveiling Harassment through Natural Language Processing.},
  author={Garg, Vaibhav},
  year={2024}
}

# Llama

@article{dubey2024llama,
  title={The llama 3 herd of models},
  author={Dubey, Abhimanyu and Jauhri, Abhinav and Pandey, Abhinav and Kadian, Abhishek and Al-Dahle, Ahmad and Letman, Aiesha and Mathur, Akhil and Schelten, Alan and Yang, Amy and Fan, Angela and others},
  journal={arXiv preprint arXiv:2407.21783},
  year={2024}
}

@article{su2022contrastive,
  title={A contrastive framework for neural text generation},
  author={Su, Yixuan and Lan, Tian and Wang, Yan and Yogatama, Dani and Kong, Lingpeng and Collier, Nigel},
  journal={Advances in Neural Information Processing Systems},
  volume={35},
  pages={21548--21561},
  year={2022}
}