% one author: Park-23:elderly
% two authors: Park+Singh-23:elderly
% three or more authors: Park+23:elderly



%---------------------accessibility-----------------------%
@article{Plaza+11:mobile-aging-trends,
  author    = {Inmaculada Plaza and
               Lourdes Mart{\'{\i}}n and
               Sergio Mart{\'{\i}}n and
               Carlos Medrano},
  title     = {Mobile Applications in an Aging Society: Status and Trends},
  journal   = {J. Syst. Softw.},
  volume    = {84},
  number    = {11},
  pages     = {1977--1988},
  year      = {2011},
  url       = {https://doi.org/10.1016/j.jss.2011.05.035},
  doi       = {10.1016/j.jss.2011.05.035}
}

@article{Yan+Ramachandran-19:accessibility-status,
  author    = {Shunguo Yan and
               P. G. Ramachandran},
  title     = {The Current Status of Accessibility in Mobile Apps},
  journal   = {{ACM} Trans. Access. Comput.},
  volume    = {12},
  number    = {1},
  pages     = {3:1--3:31},
  year      = {2019},
  url       = {https://doi.org/10.1145/3300176},
  doi       = {10.1145/3300176}
}


@article{Briede+20:elderly-mobile-usage,
    author = {Juan Carlos Briede-Westermeyer and Bélgica Pacheco-Blanco and Marianela Luzardo-Briceño and Cristhian Pérez-Villalobos},
    title = {Mobile Phone Use by the Elderly: Relationship between Usability, Social Activity, and the Environment},
    journal = {Sustainability},
    volume = {12},
    year = {2020},
    number = {7},
    pages = {2690},
    DOI = {10.3390/su12072690}
}

@article{Iancu+Iancu-20:elderly-mobile-design,
    author = {Ioana Iancu and Bogdan Iancu},
    year = {2020},
    month = jun,
    pages = {119977},
    title = {Designing Mobile Technology for Elderly. A Theoretical Overview},
    volume = {155},
    journal = {Technological Forecasting and Social Change},
    doi = {10.1016/j.techfore.2020.119977}
}

@article{Kuerbis+17:elderly-mobile,
    author = {Alexis Kuerbis and Adina Mulliken and Frederick Muench and Alison Moore and Daniel Gardner},
    year = {2017},
    month = jan,
    title = {Older Adults and Mobile Technology: Factors that Enhance and Inhibit Utilization in the Context of Behavioral Health},
    volume = {2},
    journal = {Mental Health and Addiction Research},
    doi = {10.15761/MHAR.1000136},
    pages={1-11}
}

@article{Nikou-15:young-elderly,
    author = {Shahrokh Nikou},
    year = {2015},
    month = {04},
    title = {Mobile Technology and Forgotten Consumers: The Young-Elderly},
    volume = {39},
    pages = {294-304},
    journal = {International Journal of Consumer Studies},
    doi = {10.1111/ijcs.12187}
}

@article{Sherlock+22:mobile-expectation,
  title={Investigating Expectation Violations in Mobile Apps},
  author={Sherlock A. Licorish and Helen E. Owen and Bastin Tony Roy Savarimuthu and Priyanka Patel},
  journal={ArXiv},
  year={2022},
  volume={abs/2201.02269}
}

@article{Khalid+15:app-reviews-crowdsource,
    author = {Mubasher Khalid and Usman Shehzaib and Muhammad Asif},
    year = {2015},
    month = {09},
    pages = {39-47},
    title = {A Case of Mobile App Reviews as a Crowdsource},
    volume = {7},
    journal = {International Journal of Information Engineering and Electronic Business},
    doi = {10.5815/ijieeb.2015.05.06}
}

@article{Awan+21:usability-barriers,
    author = {Mujtaba Awan and Sikandar Ali and Mushtaq Ali and Muhammad Faisal Abrar and Hamid Ullah and Dawar Khan and Waqas Nawaz},
    title = {Usability Barriers for Elderly Users in Smartphone App Usage: An Analytical Hierarchical Process-Based Prioritization},
    year = {2021},
    publisher = {Hindawi Limited},
    volume = {2021},
    url = {https://doi.org/10.1155/2021/2780257},
    doi = {10.1155/2021/2780257},
    journal = {Sci. Program.},
    month = {jan},
    numpages = {14}
}

@article{Cosmas+20:QoUE,
    author = {Cosmas Nwakanma and Md Sajjad Hossain and Jae Min Lee and Dong-Seong Kim},
    year = {2020},
    month = {11},
    pages = {752-758},
    title = {Towards Machine Learning Based Analysis of Quality of User Experience (QoUE)},
    volume = {10},
    journal = {International Journal of Machine Learning and Computing},
    doi = {10.18178/ijmlc.2020.10.6.1001}
}


@article{Mcdonough-16:ageism,
  title={The Effect of Ageism on the Digital Divide Among Older Adults},
  author={Carol C. McDonough},
  journal={Gerontology and Geriatric Medicine},
  year={2016},
  volume={2},
  pages={1-7}
}

@article{Gao+21:ads-review-analysis,
    author = {Cuiyun Gao and Jichuan Zeng and David Lo and Xin Xia and Irwin King and Michael Lyu},
    year = {2021},
    month = {10},
    pages = {106741},
    title = {Understanding In-App Advertising Issues based on Large Scale App Review Analysis},
    volume = {142},
    journal = {Information and Software Technology},
    doi = {10.1016/j.infsof.2021.106741}
}

@article{Hoon+:app-review-trend,
  title={An Analysis of the Mobile App Review Landscape: Trends and Implications},
  author={Leonard Hoon and Rajesh Vasa and Jean-Guy Schneider and John C. Grundy},
  journal={Faculty of Information and Communication Technologies, Swinburne University of Technology, Tech. Rep},
  year={2013},
  numpages={23}
}

@article{Gregorio+22:accessible-android-apps,
  title={The making of accessible android applications: an empirical study on the state of the practice},
  author={Marianna Di Gregorio and Dario Di Nucci and Fabio Palomba and Giuliana Vitiello},
  journal={Empirical Software Engineering},
  volume={27},
  number={6},
  pages={145},
  year={2022},
  publisher={Springer}
}

@inproceedings{Hirave+19:app-reviews-prioritization,
  author={Tejas Hirave and Saurabh Malgaonkar and Mostafa Alwash and Jithin Cheriyan and Sakshi Surve},
  booktitle={2019 International Conference on Advances in Computing, Communication and Control (ICAC3)}, 
  title={Analysis and Prioritization of App Reviews}, 
  year={2019},
  pages={1-8},
  doi={10.1109/ICAC347590.2019.9036801}
}

@inproceedings{Power+12:accessibility-blind,
    author = {Christopher Power and Andr\'{e} Freire and Helen Petrie and David Swallow},
    title = {Guidelines Are Only Half of the Story: Accessibility Problems Encountered by Blind Users on the Web},
    year = {2012},
    isbn = {9781450310154},
    publisher = {Association for Computing Machinery},
    doi = {10.1145/2207676.2207736},
    booktitle = {Proceedings of the SIGCHI Conference on Human Factors in Computing Systems},
    pages = {433–442},
    numpages = {10},
}


@inproceedings{Eler+19:accessibility-reviews,
    author = {Marcelo Medeiros Eler and Leandro Orlandin and Alberto Dumont Alves Oliveira},
    title = {Do Android App Users Care about Accessibility? An Analysis of User Reviews on the Google Play Store},
    year = {2019},
    publisher = {Association for Computing Machinery},
    booktitle = {Proceedings of the 18th Brazilian Symposium on Human Factors in Computing Systems},
    articleno = {23},
    numpages = {11},
    location = {Vit\'{o}ria, Esp\'{\i}rito Santo, Brazil},
    series = {IHC '19},
    doi = {10.1145/3357155.3358477}
}

@inproceedings{Moreno+Paloma-12:elderly-accessibility,
    author    = {Lourdes Moreno and
               Paloma Mart{\'{\i}}nez},
    editor    = {Federico Botella and
               Maria Lozano and
               Jos{\'{e}} A. Gallud and
               Antonio Pe{\~{n}}alver Benavent and
               Abdulfattah S. Mashat},
    title     = {A Review of Accessibility Requirements in Elderly Users' Interactions
               with Web Applications},
    booktitle = {Proceedings of the 13th International Conference on Interacci{\'{o}}n
               Persona-Ordenador, Interacci{\'{o}}n '12, Elche, Spain, October
               3-5, 2012},
    pages     = {47:1--47:2},
    publisher = {ACM},
    address = {New York, NY, USA},
    year      = {2012},
    url       = {https://doi.org/10.1145/2379636.2379682},
    doi       = {10.1145/2379636.2379682}
}

@inproceedings{Bossini+14:user-centered-evaluation,
    author = {Jos\'{e}-Manuel D\'{\i}az-Bossini and Lourdes Moreno and Paloma Mart\'{\i}nez},
    title = {Towards Mobile Accessibility for Older People: A User Centered Evaluation},
    year = {2014},
    isbn = {9783319074450},
    publisher = {Springer-Verlag},
    address = {Berlin, Heidelberg},
    doi = {10.1007/978-3-319-07446-7_6},
    booktitle={Universal Access in Human-Computer Interaction. Aging and Assistive Environments: 8th International Conference, UAHCI 2014, Held as Part of HCI International 2014, Heraklion, Crete, Greece, June 22-27, 2014, Proceedings, Part III 8},
    pages={58--68}
}

@inproceedings{Yun+16:smart-senior,
    author={You-Dong Yun and Chanhee Lee and Heui-Seok Lim}, 
    booktitle={2016 2nd International Conference on Science in Information Technology (ICSITech)},   
    title={Designing An Intelligent UI/UX System based on the Cognitive Response for Smart Senior},  
    year={2016},  
    pages={281-284},  
    doi={10.1109/ICSITech.2016.7852648},
    publisher={IEEE},
    address = {Balikpapan, Indonesia}
}

@inproceedings{Holzinger+17,
    author    = {Andreas Holzinger and
               Gig Searle and
               Alexander K. Nischelwitzer},
  editor    = {Constantine Stephanidis},
  title     = {On Some Aspects of Improving Mobile Applications for the Elderly},
  booktitle = {Universal Access in Human Computer Interaction. Coping with Diversity,
               4th International Conference on Universal Access in Human-Computer
               Interaction, {UAHCI} 2007, Held as Part of {HCI} International 2007,
               Beijing, China, July 22-27, 2007, Proceedings, Part {I}},
  series    = {Lecture Notes in Computer Science},
  volume    = {4554},
  pages     = {923--932},
  publisher = {Springer},
  address={Berlin, Heidelberg},
  year      = {2007},
  url       = {https://doi.org/10.1007/978-3-540-73279-2\_103},
  doi       = {10.1007/978-3-540-73279-2\_103}
}

@inproceedings{Alshayban+20:android-accessibility,
    author = {Abdulaziz Alshayban and Iftekhar Ahmed and Sam Malek},
    booktitle={2020 IEEE/ACM 42nd International Conference on Software Engineering (ICSE)}, 
    year = {2020},
    month = {06},
    pages = {1323-1334},
    title = {Accessibility Issues in Android Apps: State of Affairs, Sentiments, and Ways Forward},
    doi = {10.1145/3377811.3380392}
}

@inproceedings{Vasa+12:app-reviews,
    author = {Rajesh Vasa and Leonard Hoon and Kon Mouzakis and Akihiro Noguchi},
    year = {2012},
    month = {11},
    title = {A Preliminary Analysis of Mobile App User Reviews},
    journal = {Proceedings of the 24th Australian Computer-Human Interaction Conference, OzCHI 2012},
    doi = {10.1145/2414536.2414577},
    booktitle = {Proceedings of the 24th Australian Computer-Human Interaction Conference},
    pages = {241–244},
    numpages = {4}
}

@inproceedings{Haslwanter+Takacs-22:ageism-design,
    author = {Jean D. Hallewell Haslwanter and Christiane Takacs},
    title     = {Ageism in Design: Accessibility Without User Experience?},
    year = {2022},
    isbn = {978-3-031-08644-1},
    publisher = {Springer-Verlag},
    address = {Berlin, Heidelberg},
    url = {https://doi.org/10.1007/978-3-031-08645-8_61},
    doi = {10.1007/978-3-031-08645-8_61},
    booktitle = {Computers Helping People with Special Needs: 18th International Conference, ICCHP-AAATE 2022, Lecco, Italy, July 11–15, 2022, Proceedings, Part II},
    series    = {Lecture Notes in Computer Science},
    volume    = {13342},
    pages = {517–525},
    numpages = {9},
    location = {Milan, Italy}
}

@inproceedings{Aljedaani+21:a11y-sentiment,
  author    = {Wajdi Aljedaani and Furqan Rustam and Stephanie Ludi and Ali Ouni and Mohamed Wiem Mkaouer},
  title     = {Learning Sentiment Analysis for Accessibility User Reviews},
  booktitle = {36th {IEEE/ACM} International Conference on Automated Software Engineering, {ASE} 2021 - Workshops, Melbourne, Australia, November 15-19, 2021},
  pages     = {239--246},
  publisher = {{IEEE}},
  year      = {2021},
  doi       = {10.1109/ASEW52652.2021.00053}
}

@INPROCEEDINGS{Aljedaani+22:a11y-reviews-classification,
  author={Wajdi Aljedaani and Mohamed Wiem Mkaouer and Stephanie Ludi and Yasir Javed},
  booktitle={2022 7th International Conference on Data Science and Machine Learning Applications (CDMA)}, 
  title={Automatic Classification of Accessibility User Reviews in Android Apps}, 
  year={2022},
  pages={133-138},
  publisher = {IEEE},
  doi={10.1109/CDMA54072.2022.00027}
}



@techreport{Settles-10:active-learning-survey,
  author={Burr Settles},
  institution = {University of Wisconsin--Madison},
  title = {Active Learning Literature Survey},
  type = {Computer Sciences Technical Report},
  url = {http://digital.library.wisc.edu/1793/60660},
  year = 2009,
  number = {1648}
}




@misc{Kurdoghlian-20:elderly-tech,
    author = {Sarah Kurdoghlian},
    title = {Designing Technology with the Older Population in Mind},
    url = {https://uxdesign.cc/designing-technology-with-the-older-population-in-mind-8a6a4f920bec},
    year = 2020
}

@misc{Kane-19:senior-usability,
    author = {Lexie Kane},
    title = {Usability for Seniors: Challenges and Changes},
    url = {https://www.nngroup.com/articles/usability-for-senior-citizens/},
    year = 2019
}

@misc{w3c-18:content-accessibility,
    author = {W3C},
    title = {Web Content Accessibility Guideline (WCAG) 2.1},
    url = {www.w3.org/TR/WCAG21/},
    year = 2018
}

@misc{w3c-18:web-accessibility,
    author = {W3C},
    title = {Web Design and Applications-Accessibility},
    url = {www.w3.org/standards/webdesign/accessibility},
    year = 2018
}

@misc{BBC,
    author = {BBC News},
    title = {Mobile Accessibility Guidelines - Accessibility for Products - BBC},
    url = {www.bbc.co.uk/accessibility/forproducts/guides/mobile/},
    year = 2022
}

@misc{Google,
    author = {Google},
    title = {Make Apps More Accessible: Android Developers, Android Developers},
    url = {https://developer.android.com/guide/topics/ui/accessibility/apps},
    year = 2022
}

@misc{Apple,
    author = {Apple},
    title = {Human Interface Guidelines - Accessibility},
    url = {https://developer.apple.com/design/human-interface-guidelines/foundations/accessibility},
    year = 2022
}

@misc{w3c:cognitive-accessibility,
    author = {W3C},
    title = {Cognitive Accessibility User Research},
    url = {https://www.w3.org/TR/coga-user-research/#:~:text=Cognitive\%20Accessibility\%20User\%20Research\%20describes,memory\%2C\%20perception\%2C\%20and\%20reasoning},
    year = 2022
}

@misc{w3c:accessibility-definition, 
    title={Mobile accessibility at W3C}, 
    url={https://www.w3.org/WAI/standards-guidelines/mobile/#:~:text=\%E2\%80\%9CMobile\%20accessibility\%E2\%80\%9D\%20refers\%20to\%20making,mobile\%20phones\%20and\%20other\%20devices.}, 
    journal={Web Accessibility Initiative (WAI)}, 
    author={W3C, Web Accessibility Initiative}, 
    year={2023}
} 


@misc{Statista-21:smartphone-ownership,
    author = {Federica Laricchia},
    title = {Share of Adults in the United States Who Owned a Smartphone from 2015 to 2021, by Age Group},
    url = {https://www.statista.com/statistics/489255/percentage-of-us-smartphone-owners-by-age-group/},
    year = 2021
}

@misc{Statista-22:google,
    author = {L. Ceci},
    title = {Google Play: Number of Available Apps as of Q2 2022},
    url = {https://www.statista.com/statistics/289418/number-of-available-apps-in-the-google-play-store-quarter/},
    year = 2022,
    month = aug
}

@misc{Statista-22:apple,
    author = {L. Ceci},
    title = {Number of Available Apps in the Apple App Store from 2008 to 2022},
    url = {https://www.statista.com/statistics/268251/number-of-apps-in-the-itunes-app-store-since-2008/},
    year = 2022,
    month = may
}

@misc{Statista-22:social-media,
    author = {S. Dixon},
    title = {Share of U.S. Adults Who Use Social Media 2019, by Age},
    url = {https://www.statista.com/statistics/471370/us-adults-who-use-social-networks-age/},
    year = 2022,
    month = jul
}

@misc{jomingyu:play-scraper, 
    title={Jomingyu/Google-play-scraper: Google Play Scraper for Python}, 
    url={https://github.com/JoMingyu/google-play-scraper}, 
    journal={GitHub}, 
    author={JoMingyu}
} 

@misc{Twohig-21:seniors-digital-habits, 
    title={Digital Habits of Today's Seniors - Think with Google}, 
    url={https://www.thinkwithgoogle.com/consumer-insights/consumer-trends/digital-seniors/}, 
    journal={Google}, 
    publisher={Google}, 
    author={Kelly Twohig}, 
    year={2021}, 
    month={Jul}
} 

@misc{Clark-22:elderly-smartphone, 
    title={Smartphones and Older Users Remain an Uneasy Match}, 
    url={https://www.axios.com/2022/09/20/older-users-smartphones-accessibility-ios-android}, 
    journal={Axios}, 
    author={Peter Allen Clark}, 
    year={2022}, 
    month={Sep}
} 

@misc{gov-22:elderly-population, 
    title={2020 Census Will Help Policymakers Prepare for the Incoming Wave of Aging Boomers},
    url={https://www.census.gov/library/stories/2019/12/by-2030-all-baby-boomers-will-be-age-65-or-older.html},
    journal={Census.gov}, 
    author={America Counts Staff}, 
    year={2022}, 
    month={Feb}
} 



%-----------------------Psychology papers--------------------------------%
@article{Ackerman+Cianciolo-02,
    author = {Phillip Ackerman and Anna Cianciolo},
    year = {2002},
    month = {10},
    pages = {194-208},
    title = {Ability and Task Constraint Determinants of Complex Task Performance},
    volume = {8},
    journal = {Journal of Experimental Psychology. Applied},
    doi = {10.1037/1076-898X.8.3.194}
}

@article{Chen+Chan-14:STAM,
    author = {Ke Chen and Alan Chan},
    year = {2014},
    month = {03},
    title = {Gerontechnology Acceptance by Elderly {Hong} {Kong} {Chinese}: A Senior Technology Acceptance Model ({STAM})},
    volume = {57},
    journal = {Ergonomics},
    doi = {10.1080/00140139.2014.895855},
    number={5},
    pages={635--652},
    publisher={Taylor \& Francis}
}

@article{Czaja+06,
    title = {Factors Predicting the Use of Technology: Findings From the Center for Research and Education on Aging and Technology Enhancement ({CREATE})},
    author = {Sara J Czaja and Neil Charness and Arthur D Fisk and Christopher Hertzog and Sankaran N Nair and Wendy A Rogers and Joseph Sharit},
    journal = {Psychology and Aging},
    number = {2},
    pages = {333 - 352},
    publisher = {American Psychological Association},
    volume = {21},
    year = {2006},
    address = {[Washington, D.C.] :}
}

@article{Davis-89,
    author = {Fred D. Davis},
     journal = {MIS Quarterly},
     number = {3},
     pages = {319--340},
     publisher = {Management Information Systems Research Center, University of Minnesota},
     title = {Perceived Usefulness, Perceived Ease of Use, and User Acceptance of Information Technology},
     volume = {13},
     year = {1989},
    doi = {10.2307/249008}
}

@article{Dequanter+22,
    author = {Samantha Dequanter and Maaike Fobelets and Iris Steenhout and Marie-Pierre Gagnon and Anne Bourbonnais and Samira Abbasgholizadeh Rahimi and Ronald Buyl and Ellen Gorus},
    year = {2022},
    month = {04},
    title = {Determinants of Technology Adoption and Continued Use Among Cognitively Impaired Older Adults: A Qualitative Study},
    volume = {22},
    number={1},
    pages={1--16},
    journal = {BMC Geriatrics},
    doi = {10.1186/s12877-022-03048-w}
}

@article{Eisma+04,
    author = {Roos Eisma and A. Dickinson and Joy Goodman-Deane and Audrey Syme and L. Tiwari and Alan Newell},
    year = {2004},
    month = {06},
    pages = {131-140},
    title = {Early User Involvement in the Development of Information Technology-related Products for Older People},
    volume = {3},
    journal = {Universal Access in the Information Society},
    doi = {10.1007/s10209-004-0092-z}
}

@article{Gould+Lewis-85,
    author = {John D. Gould and Clayton Lewis},
    title = {Designing for Usability: Key Principles and What Designers Think},
    year = {1985},
    issue_date = {March 1985},
    publisher = {Association for Computing Machinery},
    address = {New York, NY, USA},
    volume = {28},
    number = {3},
    issn = {0001-0782},
    url = {https://doi.org/10.1145/3166.3170},
    doi = {10.1145/3166.3170},
    journal = {Commun. ACM},
    month = {mar},
    pages = {300–311},
    numpages = {12}
}

@article{Hanson-10,
    author = {Vicki Hanson},
    year = {2010},
    month = {11},
    title = {Influencing Technology Adoption by Older Adults},
    journal = {Interacting with Computers},
    doi = {10.1016/j.intcom.2010.09.001},
    volume={22},
    number={6},
    pages={502--509},
    publisher={Oxford University Press Oxford, UK}
}

@incollection{Ahmad+21,
    author = {Bilal Ahmad and Ita Richardson and Sarah Beecham},
    title = {Usability Recommendations for Designers of Smartphone Applications for Older Adults: An Empirical Study},
    booktitle = {Software Usability},
    publisher = {IntechOpen},
    address = {Rijeka},
    year = {2021},
    pages={251-264},
    editor = {Laura M. Castro and David Cabrero and Rüdiger Heimgärtner},
    chapter = {4},
    doi = {10.5772/intechopen.96775}
}

@inproceedings{Coleman+10,
    author = {Graeme W. Coleman and Lorna Gibson and Vicki L. Hanson and Ania Bobrowicz and Alison McKay},
    title = {Engaging the Disengaged: How Do We Design Technology for Digitally Excluded Older Adults?},
    year = {2010},
    month = {08},
    doi = {10.1145/1858171.1858202},
    booktitle = {Proceedings of the 8th ACM Conference on Designing Interactive Systems},
    pages = {175–178},
    publisher = {Association for Computing Machinery},
    address = {New York, NY, USA}
}

@inproceedings{Paez+Zapata-19,
    author = {Lesly Paez and Claudia Zapata},
    year = {2019},
    month = {07},
    pages = {423-438},
    title = {Elderly Users and Their Main Challenges Usability with Mobile Applications: A Systematic Review},
    doi = {10.1007/978-3-030-23570-3_31},
    publisher={Springer International Publishing},
    address={Cham},
    booktitle={Design, User Experience, and Usability. Design Philosophy and Theory},
    organization={Springer}
}

@inproceedings{Harada+13,
    author    = {Susumu Harada and
               Daisuke Sato and
               Hironobu Takagi and
               Chieko Asakawa},
  editor    = {Paula Kotz{\'{e}} and
               Gary Marsden and
               Gitte Lindgaard and
               Janet Wesson and
               Marco Winckler},
  title     = {Characteristics of Elderly User Behavior on Mobile Multi-touch Devices},
  booktitle = {Human-Computer Interaction - {INTERACT} 2013 - 14th {IFIP} {TC} 13
               International Conference, Cape Town, South Africa, September 2-6,
               2013, Proceedings, Part {IV}},
  series    = {Lecture Notes in Computer Science},
  volume    = {8120},
  pages     = {323--341},
  publisher = {Springer},
  address={Berlin, Heidelberg},
  year      = {2013},
  doi       = {10.1007/978-3-642-40498-6\_25}
}

@article{Kulviwat+09,
  title={The Role of Social Influence on Adoption of High Tech Innovations: The Moderating Effect of Public/Private Consumption},
  author={Songpol Kulviwat and Gordon C. Bruner and Obaid Al–Shuridah},
  journal={Journal of Business Research},
  year={2009},
  volume={62},
  pages={706-712}
}

@incollection{Lawry+09,
    author = {Simon Lawry and Vesna Popovic and Alethea Blackler},
    year = {2009},
    month = {01},
    title = {Investigating Familiarity in Older Adults to Facilitate Intuitive Interaction},
    pages = {1--5},
    booktitle = {IASDR 2009 Proceedings Design Rigor \&amp; Relevance},
    publisher = {Korean Society of Design Science},
    editor = {K Lee},
    address = {Korea},
}

@article{Lee-13,
    author = {Chaiwoo Lee},
    year = {2013},
    month = {03},
    pages = {14-17},
    title = {Adoption of Smart Technology Among Older Adults: Challenges and Issues},
    volume = {24},
    journal = {Public Policy \& Aging Report},
    doi = {10.1093/ppar/prt005}
}

@article{Lu+03,
    author = {June Lu and Chun-Sheng Yu and Chang Liu and James Yao},
    year = {2003},
    month = {08},
    pages = {206-222},
    title = {Technology Acceptance Model of Wireless Internet},
    volume = {13},
    journal = {Internet Research},
    doi = {10.1108/10662240310478222}
}

@inbook{Mayhorn+17,
    author = {Christopher B. Mayhorn and Wendy A. Rogers and Katharina V. Echt},
    year = {2017},
    month = {08},
    title = {Designing Technology for Older Adults: Augmenting Usefulness and Usability via Cognitive Support},
    booktitle = {Gerontechnology},
    isbn = {978-0-8261-2888-1},
    doi = {10.1891/9780826128898.0019},
    pages = {389--416},
	publisher = {Springer Publishing Company},
	address = {New York},
}

@article{Mayhorn+04,
author = { Christopher B.   Mayhorn  and  Aideen J.   Stronge  and  Anne Collins   McLaughlin  and  Wendy A.   Rogers },
title = {Older Adults, Computer Training, and the Systems Approach: A Formula for Success},
journal = {Educational Gerontology},
volume = {30},
number = {3},
pages = {185-203},
year  = {2004},
publisher = {Routledge},
doi = {10.1080/03601270490272124},
}


@article{Melenhorst+06,
    author = {Anne-Sophie Melenhorst and Wendy A. Rogers and Don G. Bouwhuis},
    year = {2006},
    month = {04},
    pages = {190-5},
    title = {Older Adults’ Motivated Choice for Technological Innovation: Evidence for Benefit-Driven Selectivity},
    volume = {21},
    journal = {Psychology and aging},
    doi = {10.1037/0882-7974.21.1.190}
}

@article{Mitzner+10,
    author = {Tracy L. Mitzner and Julie B. Boron and Cara Bailey Fausset and Anne E. Adams and Neil Charness and Sara J. Czaja and Katinka Dijkstra and Arthur D. Fisk and Wendy A. Rogers and Joseph Sharit},
    title = {Older Adults Talk Technology: Technology Usage and Attitudes},
    year = {2010},
    volume = {26},
    number = {6},
    doi = {10.1016/j.chb.2010.06.020},
    journal = {Comput. Hum. Behav.},
    month = {nov},
    pages = {1710–1721}
}

@article{Morey+19,
    author = {Stephanie Morey and Rachel Stuck and Amy Chong and Laura Barg-Walkow and Tracy Mitzner and Wendy Rogers},
    year = {2019},
    month = {04},
    pages = {106480461984073},
    title = {Mobile Health Apps: Improving Usability for Older Adult Users},
    volume = {27},
    journal = {Ergonomics in Design: The Quarterly of Human Factors Applications},
    doi = {10.1177/1064804619840731}
}

@article{Murman-15,
    author = {Daniel Murman},
    year = {2015},
    month = {08},
    pages = {111-121},
    title = {The Impact of Age on Cognition},
    volume = {36},
    journal = {Seminars in Hearing},
    doi = {10.1055/s-0035-1555115}
}

@book{Pak+McLaughlin-10,
  title={Designing Displays for Older Adults},
  author={Richard Pak and Anne Collins McLaughlin},
  year={2010},
  publisher={CRC press},
  address = {Boca Raton}
}

@article{Pan+21,
    author = {Jing Pan and Hua Dong and Nick Bryan-Kinns},
    year = {2021},
    month = {11},
    title = {Perception and Initial Adoption of Mobile Health Services of Older Adults in London: Mixed Methods Investigation},
    number={4},
    pages={e30420},
    volume = {4},
    journal = {JMIR Aging},
    doi = {10.2196/30420}
}

@article{Petrov+18,
  title={Design of Mobile Phones for Older Adults: An Empirical Analysis of Design Guidelines and Checklists for Feature Phones and Smartphones},
  author={Andraž Petrovčič and Sakari Taipale and Ajda Rogelj and Vesna Dolničar},
  journal={International Journal of Human–Computer Interaction},
  year={2018},
  volume={34},
  pages={251 - 264}
}

@article{Primi+10,
  title={Fluid Intelligence as a Predictor of Learning: A Longitudinal Multilevel Approach Applied to Math.},
  author={Ricardo Primi and Maria Eug{\'e}nia Ferr{\~a}o and Leandro da Silva Almeida},
  journal={Learning and Individual Differences},
  year={2010},
  volume={20},
  pages={446-451}
}

@inbook{Snow+84, 
    place={Hillsdale, NJ u.a., NJ}, 
    title={The Topography of Ability and Learning Correlations}, 
    volume={2}, 
    booktitle={Advances in the psychology of human intelligence}, 
    publisher={Lawrence Erlbaum}, 
    address = {NJ},
    author={R. E. Snow  and P. C. Kyllonen and B. Marchalek}, 
    year={1984}, 
    pages={47–103}
} 

@article{Steele+09,
  title={Elderly Persons' Perception and Acceptance of Using Wireless Sensor Networks to Assist Healthcare},
  author={Robert Steele and Amanda Lo and Chris Secombe and Yuk Kuen Wong},
  journal={International Journal of Medical Informatics},
  year={2009},
  volume={78 12},
  pages={788-801}
}

@article{Venkatesh-00,
  title={Determinants of Perceived Ease of Use: Integrating Control, Intrinsic Motivation, and Emotion into the Technology Acceptance Model},
  author={V. Venkatesh},
  journal={Information Systems Research},
  year={2000},
  volume={11},
  pages={342-365},
  number={4},
  publisher={Informs}
}

@article{Voelkle+06,
    author = {Manuel Voelkle and Werner Wittmann and Phillip Ackerman},
    year = {2006},
    month = {12},
    pages = {303-319},
    title = {Abilities and Skill Acquisition: A Latent Growth Curve Approach},
    volume = {16},
    journal = {Learning and Individual Differences},
    doi = {10.1016/j.lindif.2006.01.001}
}

@article{Wang+17,
    author = {Kenneth Wang and Gong Chen and Houn-Gee Chen},
    year = {2017},
    month = {05},
    pages = {563-572},
    title = {A Model of Technology Adoption by Older Adults},
    volume = {45},
    journal = {Social Behavior and Personality: An International Journal},
    doi = {10.2224/sbp.5778}
}

@article{Yap+22, 
    title={Elderly's Intention to Use Technologies: A Systematic Literature Review},
    volume={8}, 
    DOI={10.1016/j.heliyon.2022.e08765}, 
    number={1}, 
    journal={Heliyon}, 
    author={Yee-Yann Yap and Siow-Hooi Tan and Shay-Wei Choon}, 
    year={2022},
    pages={e08765},
    publisher={Elsevier}
} 

@inproceedings{Kurniawan+Zaphiris-05,
    author = {Sri Kurniawan and Panayiotis Zaphiris},
    year = {2005},
    month = {10},
    pages = {129-135},
    title = {Research-derived Web Design Guidelines for Older People},
    booktitle = {Proceedings of the 7th International ACM SIGACCESS Conference on Computers and Accessibility},
    publisher = {Association for Computing Machinery},
    location = {Baltimore, MD, USA},
    address = {New York, NY, USA},
    doi = {10.1145/1090785.1090810}
}

@article{Harte+17,
    author = {Richard Harte and Leo Quinlan and Liam Glynn and Alejandro Rodriguez-Molinero and Paul Baker and Thomas Scharf and Gearoid OLaighin},
    year = {2017},
    month = {05},
    pages = {e71},
    title = {Human-Centered Design Study: Enhancing the Usability of a Mobile Phone App in an Integrated Falls Risk Detection System for Use by Older Adult Users},
    volume = {5},
    journal = {JMIR mHealth and uHealth},
    doi = {10.2196/mhealth.7046}
}

@book{Czaja+09,
    author = {Sara J. Czaja and Walter R. Boot and Neil Charness and Wendy A. Rogers},
    year = {2009},
    edition = {2},
    title = {Designing for Older Adults: Principles and Creative Human Factors Approaches},
    isbn = {9781420080681},
    doi = {10.1201/9781420080681},
    publisher = {CRC Press},
    address = {Boca Raton}
}

@article{Clarkson+Coleman-15,
    author = {John P. Clarkson and Roger Coleman},
    year = {2013},
    month = {04},
    title = {History of Inclusive Design in the UK},
    volume = {46},
    journal = {Applied Ergonomics},
    doi = {10.1016/j.apergo.2013.03.002},
    pages = {235-247}
}

@article{Venkatesh+03,
  title={User Acceptance of Information Technology: Toward a Unified View},
  author={V. Venkatesh and Michael G. Morris and Gordon B. Davis and Fred D. Davis},
  journal={Institutions \& Transition Economics: Microeconomic Issues eJournal},
  year={2003},
  pages={425--478},
  volume = {27},
  number={3},
  publisher={JSTOR}
}

@inbook{Boot+12,
    author = {Walter R. Boot and Timothy A. Nichols and Wendy A. Rogers and Arthur D. Fisk},
    publisher = {John Wiley & Sons, Ltd},
    isbn = {9781118131350},
    title = {Design for Aging},
    booktitle = {Handbook of Human Factors and Ergonomics},
    chapter = {52},
    pages = {1442-1471},
    doi = {https://doi.org/10.1002/9781118131350.ch52},
    year = {2012}
}

@inbook{Alturki+Gay-19,
    author = {Ryan Alturki and Valerie Gay},
    year = {2019},
    month = {01},
    pages = {53-62},
    title = {Usability Attributes for Mobile Applications: A Systematic Review},
    isbn = {978-3-319-99965-4},
    doi = {10.1007/978-3-319-99966-1_5},
    publisher={Springer International Publishing},
    address={Cham},
    bookTitle={Recent Trends and Advances in Wireless and IoT-enabled Networks},
}

@INPROCEEDINGS{Stypinska-21,
    author={Justyna Stypinska},
    title={Ageism in AI: New Forms of Age Discrimination in the Era of Algorithms and Artificial Intelligence},
    proceedings={Proceedings of the 1st International Conference on AI for People: Towards Sustainable AI, CAIP 2021, 20-24 November 2021, Bologna, Italy},
    publisher={EAI},
    proceedings_a={CAIP},
    address = {Bologna, Italy},
    year={2021},
    month={12},
    doi={10.4108/eai.20-11-2021.2314200},
    booktitle={CAIP 2021: Proceedings of the 1st International Conference on AI for People: Towards Sustainable AI, CAIP 2021, 20-24 November 2021, Bologna, Italy},
    pages={39},
    organization={European Alliance for Innovation}
}

@misc{WHO-22:ageing,
author = {WHO},
title = {Ageing and Health},
month = oct,
url = {https://www.who.int/news-room/fact-sheets/detail/ageing-and-health},
year = 2022,
note = {World Health Organization. Accessed 2023-04-09}
  }

@article{LaPointe+Engle-90,
  title={Simple and Complex Word Spans as Measures of Working Memory Capacity},
  author={Linda B. La Pointe and Randall W. Engle},
  journal={Journal of Experimental Psychology: Learning, Memory, and Cognition},
  volume={16},
  number={6},
  pages={1118-1133},
  year={1990},
  publisher={American Psychological Association}
}

@article{Burgoyne+Engle-20,
  title={Attention Control: A Cornerstone of Higher-Order Cognition},
  author={Alexander P Burgoyne and Randall W. Engle},
  journal={Current Directions in Psychological Science},
  volume={29},
  number={6},
  pages={624--630},
  year={2020},
  publisher={Sage Publications Sage CA: Los Angeles, CA}
}

@article{Laver+12,
  title={Measuring Technology Self Efficacy: Reliability and Construct Validity of a Modified Computer Self Efficacy Scale in a Clinical Rehabilitation Setting},
  author={Kate Laver and Stacey George and Julie Ratcliffe and Maria Crotty},
  journal={Disability and Rehabilitation},
  volume={34},
  number={3},
  pages={220--227},
  year={2012},
  publisher={Taylor \& Francis}
}

@article{Rhee+09,
  title={Self-Efficacy in Information Security: Its Influence on End Users’ Information Security Practice Behavior},
  author={Hyeun-Suk Rhee and Cheongtag Kim and Young U. Ryu},
  journal={Computers \& security},
  volume={28},
  number={8},
  pages={816--826},
  year={2009},
  publisher={Elsevier}
}

@article{Parasuraman+Colby-15,
  title={An Updated and Streamlined Technology Readiness Index: {TRI} 2.0},
  author={Ananthanarayanan Parasuraman and Charles L Colby},
  journal={Journal of Service Research},
  volume={18},
  number={1},
  pages={59--74},
  year={2015},
  publisher={Sage Publications}
}

@article{Mariano+20,
  title={Too Old for Computers? The Longitudinal Relationship Between Stereotype Threat and Computer Use by Older Adults},
  author={Jo{\~a}o Mariano and Sibila Marques and Miguel R Ramos and Filomena Gerardo and Hein de Vries},
  journal={Frontiers in Psychology},
  volume={11},
  pages={568972},
  year={2020},
  publisher={Frontiers Media SA}
}

@article{Lubben+06,
    author = {James Lubben and Eva Blozik and Gerhard Gillmann and Steve Iliffe and Wolfgang von Renteln Kruse and John C. Beck and Andreas E. Stuck},
    title = {Performance of an Abbreviated Version of the Lubben Social Network Scale Among Three European Community-Dwelling Older Adult Populations},
    journal = {The Gerontologist},
    volume = {46},
    number = {4},
    pages = {503-513},
    year = {2006},
    month = {08},
    doi = {10.1093/geront/46.4.503},

}

@incollection{Thompson+Mayhorn-12,
  title={Aging Workers and Technology},
  author={Lori Foster Thompson and Christopher B. Mayhorn},
  year={2012},
  publisher={Oxford University Press},
  booktitle = {The Oxford Handbook of Work and Aging},
  month = {03},
  doi = {10.1093/oxfordhb/9780195385052.013.0113}
}

@inproceedings{Ferreira+Lenzini-15:phishing,
  author={Ana Ferreira and Gabriele Lenzini},
  title={An Analysis of Social Engineering Principles in Effective Phishing}, 
  booktitle={2015 Workshop on Socio-Technical Aspects in Security and Trust}, 
  year={2015},
  pages={9-16},
  doi={10.1109/STAST.2015.10}
}

@article{Hardee+06:security-decision-making,
  author={Jefferson B. Hardee and Ryan West and Christopher B. Mayhorn},
  title={To Download or Not to Download: An Examination of Computer Security Decision Making},
  journal={interactions},
  volume={13},
  number={3},
  pages={32--37},
  year={2006},
  publisher={ACM New York},
  address={NY, USA}
}

@article{Lin+22:self-stereotypes,
  author={Yao Lin and Baoshan Zhang and Yuting Ma},
  title={How Do Aging Self-Stereotypes Relate to Social Isolation in Older Adults? The Intervening Roles of Sense of Coherence and Cellphone Use},
  journal={Psychological Reports},
  pages={00332941221135483},
  year={2022},
  publisher={{SAGE} Publications Sage CA},
  address={Los Angeles, CA}
}

@article{Mayhorn+15:phishing,
  author={Christopher B. Mayhorn and Emerson Murphy-Hill and Olga A. Zielinska and Allaire K. Welk},
  title={The Social Engineering Behind Phishing},
  journal={The Next Wave},
  volume={21},
  number={2},
  year={2015}
}

@inproceedings{Sterns+Mayhorn-06:medi-adherence,
  author={Anthony A. Sterns and Christopher B. Mayhorn},
  title={Persuasive Pillboxes: Improving Medication Adherence With Personal Digital Assistants},
  booktitle={Persuasive Technology: First International Conference on Persuasive Technology for Human Well-Being, PERSUASIVE 2006, Eindhoven, The Netherlands, May 18-19, 2006. Proceedings 1},
  pages={195--198},
  year={2006},
  organization={Springer}
}

@inproceedings{Zielinska+16:phishing,
  author={Olga A. Zielinska and Allaire K. Welk and Christopher B. Mayhorn and Emerson Murphy-Hill},
  title={A Temporal Analysis of Persuasion Principles in Phishing Emails},
  booktitle={Proceedings of the Human Factors and Ergonomics Society Annual Meeting},
  volume={60},
  pages={765--769},
  year={2016},
  organization={{SAGE} Publications}
}



%---------------------nlp------------------------%
@article{Calvo+17:nlp-mental-health,
  title={Natural Language Processing in Mental Health Applications Using Non-Clinical Texts},
  author={Rafael A Calvo and David N Milne and M Sazzad Hussain and Helen Christensen},
  journal={Natural Language Engineering},
  volume={23},
  number={5},
  pages={649--685},
  year={2017},
  publisher={Cambridge University Press}
}

@article{Sharma+23:human-ai-empathic-conversation,
  title={Human--AI Collaboration Enables More Empathic Conversations in Text-Based Peer-To-Peer Mental Health Support},
  author={Ashish Sharma and Inna W Lin and Adam S Miner and David C Atkins and Tim Althoff},
  journal={Nature Machine Intelligence},
  volume={5},
  number={1},
  pages={46--57},
  year={2023},
  publisher={Nature Publishing Group UK London}
}

@article{Sharma+20:empathy-mental-health,
  title={A Computational Approach to Understanding Empathy Expressed in Text-Based Mental Health Support},
  author={Ashish Sharma and Adam S. Miner and David C. Atkins and Tim Althoff},
  journal={Proceedings of the 2020 Conference on Empirical Methods in Natural Language Processing (EMNLP)},
  year={2020}
}

@article{Ji+21:MentalBERT,
  title={MentalBERT: Publicly Available Pretrained Language Models for Mental Healthcare},
  author={Shaoxiong Ji and Tianlin Zhang and Luna Ansari and Jie Fu and Prayag Tiwari and Erik Cambria},
  journal={arXiv preprint arXiv:2110.15621},
  year={2021}
}

@article{Kim+20:DL-mental-illness,
  title={A Deep Learning Model for Detecting Mental Illness From User Content on Social Media},
  author={Jina Kim and Jieon Lee and Eunil Park and Jinyoung Han},
  journal={Scientific Reports},
  volume={10},
  number={1},
  pages={11846},
  year={2020},
  publisher={Nature Publishing Group UK London}
}

@article{Pourkeyvan+23:mental-disorders-social-networks,
  title={Harnessing the Power of Hugging Face Transformers for Predicting Mental Health Disorders in Social Networks},
  author={Alireza Pourkeyvan and Ramin Safa and Ali Sorourkhah},
  journal={arXiv preprint arXiv:2306.16891},
  year={2023}
}

@article{Park+18:mental-health-reddit,
  title={Examining Thematic Similarity, Difference, and Membership in Three Online Mental Health Communities From Reddit: A Text Mining and Visualization Approach},
  author={Albert Park and Mike Conway and Annie T Chen},
  journal={Computers in Human Behavior},
  volume={78},
  pages={98--112},
  year={2018},
  publisher={Elsevier}
}

@inproceedings{Ansari+18:dcr-hmm,
  title={{DCR-HMM}: Depression Detection Based on Content Rating Using Hidden Markov Model},
  author={Haroon Ansari and Aditya Vijayvergia and Krishan Kumar},
  booktitle={2018 Conference on Information and Communication Technology (CICT)},
  pages={1--6},
  year={2018},
  organization={IEEE}
}

@book{Plutchik+Kellerman-13:emotion,
  title={Theories of Emotion},
  author={Robert Plutchik and Henry Kellerman},
  volume={1},
  year={2013},
  publisher={Academic Press}
}

@article{Yang+23:emotion-word-bank,
  title={Emotional Expression on Social Media Support Forums for Substance Cessation: Observational Study of Text-Based Reddit Posts},
  author={Genevieve Yang and Sarah G King and Hung-Mo Lin and Rita Z Goldstein },
  journal={Journal of Medical Internet Research},
  volume={25},
  pages={e45267},
  year={2023},
  publisher={JMIR Publications Toronto, Canada}
}

@article{Patten+Lee-04:MCMM,
  title={Refining Estimates of Major Depression Incidence and Episode Duration in Canada Using a Monte Carlo Markov Model},
  author={Scott B Patten and Robert C Lee},
  journal={Medical Decision Making},
  volume={24},
  number={4},
  pages={351--358},
  year={2004},
  publisher={Sage Publications Sage CA: Thousand Oaks, CA}
}

@inproceedings{Guo+20:opinion-holders,
  title={In Opinion Holders’ Shoes: Modeling Cumulative Influence for View Change in Online Argumentation},
  author={Zhen Guo and Zhe Zhang and Munindar P Singh},
  booktitle={Proceedings of The Web Conference 2020},
  pages={2388--2399},
  year={2020}
}

@article{Zhang+Singh-19:attributed-oriented,
  title={Leveraging Structural and Semantic Correspondence for Attribute-Oriented Aspect Sentiment Discovery},
  author={Zhe Zhang and Munindar P Singh},
  booktitle = "Proceedings of the 2019 Conference on Empirical Methods in Natural Language Processing and the 9th International Joint Conference on Natural Language Processing (EMNLP-IJCNLP)",
    month = nov,
    year = "2019",
    address = "Hong Kong, China",
    publisher = "Association for Computational Linguistics",
    doi = "10.18653/v1/D19-1555",
    pages = "5528--5538",
}

@article{Lafferty+01:CRF,
  title={Conditional Random Fields: Probabilistic Models for Segmenting and Labeling Sequence Data},
  author={John Lafferty and Andrew McCallum and Fernando CN Pereira},
  year={2001}
}

@inproceedings{Demszky+20:GoEmotions,
 author = {Dorottya Demszky and Dana Movshovitz-Attias and Jeongwoo Ko and Alan Cowen and Gaurav Nemade and Sujith Ravi},
 booktitle = {58th Annual Meeting of the Association for Computational Linguistics (ACL)},
 title = {{GoEmotions: A Dataset of Fine-Grained Emotions}},
 year = {2020}
}

@unpublished{faststylometry,
    AUTHOR = {Wood, T.A.},
    TITLE  = {Fast Stylometry (Computer software), Version 1.0.4},
    YEAR   = {2023},
    Note   = {To appear},
}

@article{Achini+21:emotion-analysis,
  title={A Self Structuring Artificial Intelligence Framework for Deep Emotions Modeling and Analysis on the Social Web},
  author={Achini Adikari and Gihan Gamage and Daswin De Silva and Nishan Mills and Sze-Meng Jojo Wong and Damminda Alahakoon},
  journal={Future Generation Computer Systems},
  volume={116},
  pages={302--315},
  year={2021},
  publisher={Elsevier}
}

@article{Peng+22:emotion-analysis-survey,
  title={A survey on deep learning for textual emotion analysis in social networks},
  author={Peng, Sancheng and Cao, Lihong and Zhou, Yongmei and Ouyang, Zhouhao and Yang, Aimin and Li, Xinguang and Jia, Weijia and Yu, Shui},
  journal={Digital Communications and Networks},
  volume={8},
  number={5},
  pages={745--762},
  year={2022},
  publisher={Elsevier}
}

@inproceedings{Gjurkovic+21:reddit-stat,
    title = "{PANDORA} Talks: Personality and Demographics on {R}eddit",
    author = "Gjurkovi{\'c}, Matej  and
      Karan, Mladen  and
      Vukojevi{\'c}, Iva  and
      Bo{\v{s}}njak, Mihaela  and
      Snajder, Jan",
    booktitle = "Proceedings of the Ninth International Workshop on Natural Language Processing for Social Media",
    month = jun,
    year = "2021",
    address = "Online",
    publisher = "Association for Computational Linguistics",
    doi = "10.18653/v1/2021.socialnlp-1.12",
    pages = "138--152",
}


%---------------------scc-------------------------%
@article{Liu+18:drr,
  title={Deep Reinforcement Learning Based Recommendation With Explicit User-Item Interactions Modeling},
  author={Feng Liu and Ruiming Tang and Xutao Li and Weinan Zhang and Yunming Ye and Haokun Chen and Huifeng Guo and Yuzhou Zhang},
  journal={arXiv preprint arXiv:1810.12027},
  year={2018}
}

@inproceedings{Yinggang+Xiangrong-22:social-drr,
  title={Social Recommendation System Based on Multi-agent Deep Reinforcement Learning},
  author={Li Yinggang and Tong Xiangrong},
  booktitle={2022 IEEE 8th International Conference on Cloud Computing and Intelligent Systems (CCIS)},
  pages={371--377},
  year={2022},
  organization={IEEE}
}

@article{Yang+17:meal-rs,
  title={Yum-me: a personalized nutrient-based meal recommender system},
  author={Longqi Yang and Cheng-Kang Hsieh and Hongjian Yang and John P Pollak and Nicola Dell and Serge Belongie and Curtis Cole and Deborah Estrin},
  journal={ACM Transactions on Information Systems (TOIS)},
  volume={36},
  number={1},
  pages={1--31},
  year={2017},
  publisher={ACM New York, NY, USA}
}

@inproceedings{Iiyama+22:foodbank-RL,
  title={Optimizing Food Allocation in Food Banks with Multi-agent Deep Reinforcement Learning},
  author={Tomoshi Iiyama and Daisuke Kitakoshi and Masato Suzuki},
  booktitle={2022 International Conference on Technologies and Applications of Artificial Intelligence (TAAI)},
  pages={203--208},
  year={2022},
  organization={IEEE}
}

@inproceedings{Iiyama+21:foodbank-logistics,
  title={An Approach for Creation of Logistics Management System for Food Banks Based on Reinforcement Learning},
  author={Tomoshi Iiyama and Daisuke Kitakoshi and Masato Suzuki},
  booktitle={Proceedings of the 4th International Conference on Information Science and Systems},
  pages={60--67},
  year={2021}
}

@article{Watkins+Dayan:q-learning,
  title={Q-Learning},
  author={Christopher JCH Watkins and Peter Dayan},
  journal={Machine learning},
  volume={8},
  pages={279--292},
  year={1992},
  publisher={Springer}
}